<?xml version="1.0" encoding="UTF-8"?>
<collection xmlns:xsi="http://www.w3.org/2001/XMLSchema-instance" xsi:schemaLocation="http://www.loc.gov/MARC21/slim http://www.loc.gov/standards/marcxml/schema/MARC21slim.xsd" xmlns="http://www.loc.gov/MARC21/slim">
<record>
  <leader>01170cam a2200301   4500</leader>
  <controlfield tag="001">2758832</controlfield>
  <controlfield tag="003">NNC</controlfield>
  <controlfield tag="005">20130520195406.0</controlfield>
  <controlfield tag="008">900730s1969    iq            000 0 arar </controlfield>
  <datafield tag="010" ind1=" " ind2=" ">
    <subfield code="a">   79961585 /NE</subfield>
  </datafield>
  <datafield tag="035" ind1=" " ind2=" ">
    <subfield code="a">(OCoLC)ocm22157706</subfield>
  </datafield>
  <datafield tag="035" ind1=" " ind2=" ">
    <subfield code="9">ARM4534CU</subfield>
  </datafield>
  <datafield tag="035" ind1=" " ind2=" ">
    <subfield code="a">(NNC)2758832</subfield>
  </datafield>
  <datafield tag="035" ind1=" " ind2=" ">
    <subfield code="a">2758832</subfield>
  </datafield>
  <datafield tag="040" ind1=" " ind2=" ">
    <subfield code="a">DLC</subfield>
    <subfield code="c">WAU</subfield>
    <subfield code="d">WAU</subfield>
    <subfield code="d">ZCU</subfield>
  </datafield>
  <datafield tag="043" ind1=" " ind2=" ">
    <subfield code="a">aw-----</subfield>
    <subfield code="a">ff-----</subfield>
  </datafield>
  <datafield tag="050" ind1="0" ind2=" ">
    <subfield code="a">DS234</subfield>
    <subfield code="b">.A163 1969</subfield>
  </datafield>
  <datafield tag="100" ind1="1" ind2=" ">
    <subfield code="a">Ibn al-Wardī, Zayn al-Dīn ʻUmar ibn al-Muẓaffar,</subfield>
    <subfield code="d">-1349.</subfield>
  </datafield>
  <datafield tag="245" ind1="1" ind2="0">
    <subfield code="a">Tārīkh Ibn al-Wardī,</subfield>
    <subfield code="c">taʾlīf Zayn al-Dīn ʻUmar ibn Muẓaffar al-shahīr bi-Ibn al-Wardī.</subfield>
  </datafield>
  <datafield tag="250" ind1=" " ind2=" ">
    <subfield code="a">[al-Ṭabʻah 2]</subfield>
  </datafield>
  <datafield tag="260" ind1=" " ind2=" ">
    <subfield code="a">al-Najaf,</subfield>
    <subfield code="b">al-Maṭbaʻah al-Ḥaydarīyah,</subfield>
    <subfield code="c">1969.</subfield>
  </datafield>
  <datafield tag="300" ind1=" " ind2=" ">
    <subfield code="a">2 v.</subfield>
    <subfield code="c">25 cm.</subfield>
  </datafield>
  <datafield tag="500" ind1=" " ind2=" ">
    <subfield code="a">Title, v. 1, p. 2 (2d group): Tatimmat al-Mukhtaṣar fī akhbār al-bashar.</subfield>
  </datafield>
  <datafield tag="500" ind1=" " ind2=" ">
    <subfield code="a">An abridgement of Abulfeda's Mukhtaṣar tārīkh al-bashar with continuation through 1348.</subfield>
  </datafield>
  <datafield tag="651" ind1=" " ind2="0">
    <subfield code="a">Islamic Empire</subfield>
    <subfield code="x">History.</subfield>
  </datafield>
  <datafield tag="700" ind1="0" ind2=" ">
    <subfield code="a">Abū al-Fidāʼ Ismāʻīl ibn ʻAlī,</subfield>
    <subfield code="d">1273-1331.</subfield>
    <subfield code="t">Mukhtaṣar tārīkh al-bashar.</subfield>
  </datafield>
  <datafield tag="740" ind1="0" ind2="1">
    <subfield code="a">Tatimmat al-Mukhtaṣar fī akhbār al-bashar.</subfield>
  </datafield>
  <datafield tag="955" ind1=" " ind2=" ">
    <subfield code="b">CU17903769</subfield>
    <subfield code="d">off,glx</subfield>
    <subfield code="e">DS234 .A163 1969</subfield>
    <subfield code="v">v.1</subfield>
  </datafield>
</record>
</collection>